<?xml version="1.0" encoding="UTF-8"?><collection xmlns="http://www.loc.gov/MARC21/slim"><record><leader>00426nam--2200169-u-4500</leader><controlfield tag="001">000051898</controlfield><controlfield tag="002">20161230</controlfield><controlfield tag="005">20161230201049</controlfield><controlfield tag="008">090415s1000------------r-----000-0-eng-d</controlfield><datafield ind1=" " ind2=" " tag="040"><subfield code="a">IFIN-HH</subfield></datafield><datafield ind1=" " ind2=" " tag="080"><subfield code="a">517.988.54</subfield></datafield><datafield ind1="1" ind2=" " tag="100"><subfield code="a">Ioss,Zh. i Dzhozef,D</subfield></datafield><datafield ind1="1" ind2="0" tag="245"><subfield code="a">Elementarnaya teoriya Ustoichivosti i Bifurkatsii</subfield></datafield><datafield ind1=" " ind2=" " tag="260"><subfield code="a">Moskva</subfield><subfield code="b">Mir</subfield><subfield code="c">1983</subfield></datafield><datafield ind1=" " ind2=" " tag="300"><subfield code="a">301 s</subfield></datafield><datafield ind1=" " ind2=" " tag="852"><subfield code="a">71728</subfield><subfield code="c">517.9</subfield></datafield><datafield ind1=" " ind2=" " tag="CAT"><subfield code="a">Sys</subfield><subfield code="c">20090415</subfield><subfield code="h">130740</subfield></datafield></record></collection>